@ARTICLE{frazin_2010,
   author = {{Frazin}, R.~A. and {Lamy}, P. and {Llebaria}, A. and {V{\'a}squez}, A.~M.
	},
    title = "{Three-Dimensional Electron Density from Tomographic Analysis of LASCO-C2 Images of the K-Corona Total Brightness}",
  journal = {\solphys},
 keywords = {Solar corona, Tomography, Electron density, Thomson scattering},
     year = 2010,
    month = aug,
   volume = 265,
    pages = {19-30},
      doi = {10.1007/s11207-010-9557-9},
   adsurl = {http://adsabs.harvard.edu/abs/2010SoPh..265...19F},
  adsnote = {Provided by the SAO/NASA Astrophysics Data System}
}

@ARTICLE{landi_2016,
   author = {{Landi}, E. and {Habbal}, S.~R. and {Tomczyk}, S.},
    title = "{Coronal plasma diagnostics from ground-based observations}",
  journal = {Journal of Geophysical Research (Space Physics)},
 keywords = {solar corona},
     year = 2016,
    month = sep,
   volume = 121,
    pages = {8237-8249},
      doi = {10.1002/2016JA022598},
   adsurl = {http://adsabs.harvard.edu/abs/2016JGRA..121.8237L},
  adsnote = {Provided by the SAO/NASA Astrophysics Data System}
}

ï»¿@ARTICLE{altschuler_1972,
   author = {{Altschuler}, M.~D. and {Perry}, R.~M.},
    title = "{On Determining the Electron Density Distribution of the Solar Corona from K-Coronameter Data}",
  journal = {\solphys},
     year = 1972,
    month = apr,
   volume = 23,
    pages = {410-428},
      doi = {10.1007/BF00148104},
   adsurl = {http://adsabs.harvard.edu/abs/1972SoPh...23..410A},
  adsnote = {Provided by the SAO/NASA Astrophysics Data System}
}

@ARTICLE{frazin_2002,
   author = {{Frazin}, R.~A. and {Janzen}, P.},
    title = "{Tomography of the Solar Corona. II. Robust, Regularized, Positive Estimation of the Three-dimensional Electron Density Distribution from LASCO-C2 Polarized White-Light Images}",
  journal = {\apj},
 keywords = {Methods: Data Analysis, Sun: Corona},
     year = 2002,
    month = may,
   volume = 570,
    pages = {408-422},
      doi = {10.1086/339572},
   adsurl = {http://adsabs.harvard.edu/abs/2002ApJ...570..408F},
  adsnote = {Provided by the SAO/NASA Astrophysics Data System}
}

@Article{lloveras_2017,
author={Lloveras, Diego G. and V{\'a}squez, Alberto M. and Nuevo, Federico A. and Frazin, Richard A.},
title="{Comparative Study of the Three-Dimensional Thermodynamical Structure of the Inner Corona of Solar Minimum Carrington Rotations 1915 and 2081}",
journal={\solphys},
year=2017,
month=Oct,
volume=292,
number=10,
pages=153,
doi={10.1007/s11207-017-1179-z},
url={https://doi.org/10.1007/s11207-017-1179-z}
}


@ARTICLE{frazin_2009,
   author = {{Frazin}, R.~A. and {V{\'a}squez}, A.~M. and {Kamalabadi}, F.
	},
    title = "{Quantitative, Three-dimensional Analysis of the Global Corona with Multi-spacecraft Differential Emission Measure Tomography}",
 keywords = {Sun: corona, Sun: prominences, Sun: UV radiation},
     year = 2009,
  journal = {ApJ},
    month = aug,
   volume = 701,
    pages = {547-560},
      doi = {10.1088/0004-637X/701/1/547},
   adsurl = {http://adsabs.harvard.edu/abs/2009ApJ...701..547F},
  adsnote = {Provided by the SAO/NASA Astrophysics Data System}
}

@ARTICLE{vasquez_2016,
   author = {{V\'asquez}, A.~M.
	},
    title = "{Seeing the solar corona in three dimensions}",
  journal = {Advances in Space Research},
 keywords = {Corona, EUV, Tomography},
     year = 2016,
    month = mar,
   volume = {57},
    pages = {1286-1293},
      doi = {10.1016/j.asr.2015.05.047},
   adsurl = {},
  adsnote = {Provided by the SAO/NASA Astrophysics Data System}
}

@ARTICLE{toth_2012,
       author = {{T{\'o}th}, G{\'a}bor and {van der Holst}, Bart and {Sokolov}, Igor V. and
         {De Zeeuw}, Darren L. and {Gombosi}, Tamas I. and {Fang}, Fang and
         {Manchester}, Ward B. and {Meng}, Xing and {Najib}, Dalal and
         {Powell}, Kenneth G. and {Stout}, Quentin F. and {Glocer}, Alex and
         {Ma}, Ying-Juan and {Opher}, Merav},
        title = "{Adaptive numerical algorithms in space weather modeling}",
      journal = {Journal of Computational Physics},
         year = "2012",
        month = "Feb",
       volume = {231},
       number = {3},
        pages = {870-903},
          doi = {10.1016/j.jcp.2011.02.006},
       adsurl = {https://ui.adsabs.harvard.edu/abs/2012JCoPh.231..870T},
      adsnote = {Provided by the SAO/NASA Astrophysics Data System}
}

@ARTICLE{vander_2010,
       author = {{van der Holst}, B. and {Manchester}, W.~B., IV and {Frazin}, R.~A. and
         {V{\'a}squez}, A.~M. and {T{\'o}th}, G. and {Gombosi}, T.~I.},
        title = "{A Data-driven, Two-temperature Solar Wind Model with Alfv{\'e}n Waves}",
      journal = {\apj},
     keywords = {interplanetary medium, magnetohydrodynamics: MHD, methods: numerical, solar wind, Sun: corona},
         year = "2010",
        month = "Dec",
       volume = {725},
       number = {1},
        pages = {1373-1383},
          doi = {10.1088/0004-637X/725/1/1373},
       adsurl = {https://ui.adsabs.harvard.edu/abs/2010ApJ...725.1373V},
      adsnote = {Provided by the SAO/NASA Astrophysics Data System}
}
@ARTICLE{vander_2014,
       author = {{van der Holst}, B. and {Sokolov}, I.~V. and {Meng}, X. and {Jin}, M. and
         {Manchester}, W.~B., IV and {T{\'o}th}, G. and {Gombosi}, T.~I.},
        title = "{Alfv{\'e}n Wave Solar Model (AWSoM): Coronal Heating}",
      journal = {\apj},
     keywords = {interplanetary medium, magnetohydrodynamics: MHD, methods: numerical, solar wind, Sun: corona, waves, Astrophysics - Solar and Stellar Astrophysics},
         year = "2014",
        month = "Feb",
       volume = {782},
       number = {2},
          eid = {81},
        pages = {81},
          doi = {10.1088/0004-637X/782/2/81},
archivePrefix = {arXiv},
       eprint = {1311.4093},
 primaryClass = {astro-ph.SR},
       adsurl = {https://ui.adsabs.harvard.edu/abs/2014ApJ...782...81V},
      adsnote = {Provided by the SAO/NASA Astrophysics Data System}
}

@ARTICLE{sachdeva_2019,
       author = {{Sachdeva}, N. and {van der Holst}, B. and {Manchester}, W.~B. and
         {T{\'o}th}, G. and {Chen}, Y. and {Lloveras}, D.~G. and
         {V{\'a}squez}, A.~M. and {Lamy}, Philippe and {Wojak}, Julien and
         {Jackson}, B.~V. and {Yu}, H. -S. and {Henney}, C.~J.},
        title = "{Validation of the Alfv{\'e}n Wave Solar atmosphere Model (AWSoM) with Observations from the Low Corona to 1 AU}",
      journal = {arXiv e-prints},
     keywords = {Astrophysics - Solar and Stellar Astrophysics, Physics - Space Physics},
         year = "2019",
        month = "Oct",
          eid = {arXiv:1910.08110},
        pages = {arXiv:1910.08110},
archivePrefix = {arXiv},
       eprint = {1910.08110},
 primaryClass = {astro-ph.SR},
       adsurl = {https://ui.adsabs.harvard.edu/abs/2019arXiv191008110S},
      adsnote = {Provided by the SAO/NASA Astrophysics Data System}
}

@ARTICLE{oran_2015,
       author = {{Oran}, R. and {Landi}, E. and {van der Holst}, B. and {Lepri}, S.~T. and
         {V{\'a}squez}, A.~M. and {Nuevo}, F.~A. and {Frazin}, R. and
         {Manchester}, W. and {Sokolov}, I. and {Gombosi}, T.~I.},
        title = "{A Steady-state Picture of Solar Wind Acceleration and Charge State Composition Derived from a Global Wave-driven MHD Model}",
      journal = {\apj},
     keywords = {magnetohydrodynamics: MHD, methods: numerical, Sun: corona, Sun: heliosphere, techniques: spectroscopic, turbulence, Astrophysics - Solar and Stellar Astrophysics},
         year = "2015",
        month = "Jun",
       volume = {806},
       number = {1},
          eid = {55},
        pages = {55},
          doi = {10.1088/0004-637X/806/1/55},
archivePrefix = {arXiv},
       eprint = {1412.8288},
 primaryClass = {astro-ph.SR},
       adsurl = {https://ui.adsabs.harvard.edu/abs/2015ApJ...806...55O},
      adsnote = {Provided by the SAO/NASA Astrophysics Data System}
}

@INPROCEEDINGS{jin_2012,
       author = {{Jin}, M. and {Manchester}, W.~B. and {van der Holst}, B. and
         {Oran}, R. and {Sokolov}, I. and {Toth}, G. and {Gombosi}, T.~I. and
         {Vourlidas}, A. and {Liu}, Y. and {Sun}, X.},
        title = "{Simulate the Coronal Mass Ejection on 2011 March 7 from Chromosphere to 1 AU}",
     keywords = {7513 SOLAR PHYSICS, ASTROPHYSICS, AND ASTRONOMY / Coronal mass ejections, 7514 SOLAR PHYSICS, ASTROPHYSICS, AND ASTRONOMY / Energetic particles, 7851 SPACE PLASMA PHYSICS / Shock waves, 7959 SPACE WEATHER / Models},
    booktitle = {AGU Fall Meeting Abstracts},
         year = "2012",
       volume = {2012},
        month = "Dec",
          eid = {SH33E-04},
        pages = {SH33E-04},
       adsurl = {https://ui.adsabs.harvard.edu/abs/2012AGUFMSH33E..04J},
      adsnote = {Provided by the SAO/NASA Astrophysics Data System}
}

@ARTICLE{sokolov_2013,
       author = {{Sokolov}, Igor V. and {van der Holst}, Bart and {Oran}, Rona and
         {Downs}, Cooper and {Roussev}, Ilia I. and {Jin}, Meng and
         {Manchester}, Ward B., IV and {Evans}, Rebekah M. and
         {Gombosi}, Tamas I.},
        title = "{Magnetohydrodynamic Waves and Coronal Heating: Unifying Empirical and MHD Turbulence Models}",
      journal = {\apj},
     keywords = {solar wind, Sun: corona, Sun: transition region, Sun: UV radiation, Astrophysics - Solar and Stellar Astrophysics},
         year = "2013",
        month = "Feb",
       volume = {764},
       number = {1},
          eid = {23},
        pages = {23},
          doi = {10.1088/0004-637X/764/1/23},
archivePrefix = {arXiv},
       eprint = {1208.3141},
 primaryClass = {astro-ph.SR},
       adsurl = {https://ui.adsabs.harvard.edu/abs/2013ApJ...764...23S},
      adsnote = {Provided by the SAO/NASA Astrophysics Data System}
}

@INPROCEEDINGS{arge_2010,
       author = {{Arge}, C.~N. and {Henney}, C. and {Shurkin}, K. and {Koller}, J. and
         {Toussaint}, W.~A. and {Harvey}, J.~W. and {Young}, S.~L.},
        title = "{WSA Derived Coronal Hole Comparison with STEREO EUVI Observations}",
     keywords = {7509 SOLAR PHYSICS, ASTROPHYSICS, AND ASTRONOMY / Corona, 7524 SOLAR PHYSICS, ASTROPHYSICS, AND ASTRONOMY / Magnetic fields, 7924 SPACE WEATHER / Forecasting, 7959 SPACE WEATHER / Models},
    booktitle = {AGU Fall Meeting Abstracts},
         year = "2010",
       volume = {2010},
        month = "Dec",
          eid = {SM51A-1749},
        pages = {SM51A-1749},
       adsurl = {https://ui.adsabs.harvard.edu/abs/2010AGUFMSM51A1749A},
      adsnote = {Provided by the SAO/NASA Astrophysics Data System}
}
%point spread function
@ARTICLE{lloveras_ba2017,
       author = {{Lloveras}, D.~G. and {V{\'a}squez}, A.~M. and {Shearer}, P. and
         {Frazin}, R.~A.},
        title = "{Effect of stray light correction of extreme-ultraviolet solar images in tomography}",
      journal = {Boletin de la Asociacion Argentina de Astronomia La Plata Argentina},
     keywords = {Sun: corona, Sun: UV radiation, Sun: fundamental parameters, Sun: magnetic fields},
         year = "2017",
        month = "Oct",
       volume = {59},
        pages = {145-147},
       adsurl = {https://ui.adsabs.harvard.edu/abs/2017BAAA...59..145L},
      adsnote = {Provided by the SAO/NASA Astrophysics Data System}
}

@ARTICLE{shearer_2012,
       author = {{Shearer}, Paul and {Frazin}, Richard A. and {Hero}, Alfred O., III and
         {Gilbert}, Anna C.},
        title = "{The First Stray Light Corrected Extreme-ultraviolet Images of Solar Coronal Holes}",
      journal = {\apjl},
     keywords = {methods: data analysis, Sun: corona, techniques: image processing, Astrophysics - Solar and Stellar Astrophysics, Astrophysics - Instrumentation and Methods for Astrophysics},
         year = "2012",
        month = "Apr",
       volume = {749},
       number = {1},
          eid = {L8},
        pages = {L8},
          doi = {10.1088/2041-8205/749/1/L8},
archivePrefix = {arXiv},
       eprint = {1110.3052},
 primaryClass = {astro-ph.SR},
       adsurl = {https://ui.adsabs.harvard.edu/abs/2012ApJ...749L...8S},
      adsnote = {Provided by the SAO/NASA Astrophysics Data System}
}

@ARTICLE{nuevo_2013,
       author = {{Nuevo}, Federico A. and {Huang}, Zhenguang and {Frazin}, Richard and
         {Manchester}, Ward B., iv and {Jin}, Meng and {V{\'a}squez}, Alberto M.},
        title = "{Evolution of the Global Temperature Structure of the Solar Corona during the Minimum between Solar Cycles 23 and 24}",
      journal = {\apj},
     keywords = {Sun: corona, Sun: evolution, Sun: magnetic topology, Sun: UV radiation, sunspots},
         year = "2013",
        month = "Aug",
       volume = {773},
       number = {1},
          eid = {9},
        pages = {9},
          doi = {10.1088/0004-637X/773/1/9},
       adsurl = {https://ui.adsabs.harvard.edu/abs/2013ApJ...773....9N},
      adsnote = {Provided by the SAO/NASA Astrophysics Data System}
}

@ARTICLE{schiff_2016,
       author = {{Schiff}, Avery J. and {Cranmer}, Steven R.},
        title = "{Explaining Inverted-temperature Loops in the Quiet Solar Corona with Magnetohydrodynamic Wave-mode Conversion}",
      journal = {\apj},
     keywords = {conduction, magnetohydrodynamics: MHD, Astrophysics - Solar and Stellar Astrophysics},
         year = "2016",
        month = "Nov",
       volume = {831},
       number = {1},
          eid = {10},
        pages = {10},
          doi = {10.3847/0004-637X/831/1/10},
archivePrefix = {arXiv},
       eprint = {1608.04398},
 primaryClass = {astro-ph.SR},
       adsurl = {https://ui.adsabs.harvard.edu/abs/2016ApJ...831...10S},
      adsnote = {Provided by the SAO/NASA Astrophysics Data System}
}
